@inproceedings{DBLP:conf/mm/ChenCNG20,
  author    = {Renwang Chen and
               Xuanhong Chen and
               Bingbing Ni and
               Yanhao Ge},
  title     = {SimSwap: An Efficient Framework For High Fidelity Face Swapping},
  booktitle = {{MM} '20: The 28th {ACM} International Conference on Multimedia},
  year      = {2020}
}

@misc{rabbitmq_website,
  author       = {RabbitMQ Developers},
  howpublished = {website},
  title        = {RabbitMQ},
  url          = {https://www.rabbitmq.com},
}

@misc{celery_website,
  title = {Celery},
  url = {https://docs.celeryq.dev/en/stable/index.html}
}

@misc{deepfacelab,
  doi = {10.48550/ARXIV.2005.05535},
  
  url = {https://arxiv.org/abs/2005.05535},
  
  author = {Perov, Ivan and Gao, Daiheng and Chervoniy, Nikolay and Liu, Kunlin and Marangonda, Sugasa and Um√©, Chris and Dpfks, Mr. and Facenheim, Carl Shift and RP, Luis and Jiang, Jian and Zhang, Sheng and Wu, Pingyu and Zhou, Bo and Zhang, Weiming},
  
  keywords = {Computer Vision and Pattern Recognition (cs.CV), Machine Learning (cs.LG), Multimedia (cs.MM), Image and Video Processing (eess.IV), FOS: Computer and information sciences, FOS: Computer and information sciences, FOS: Electrical engineering, electronic engineering, information engineering, FOS: Electrical engineering, electronic engineering, information engineering},
  
  title = {DeepFaceLab: Integrated, flexible and extensible face-swapping framework},
  
  publisher = {arXiv},
  
  year = {2020},
  
  copyright = {arXiv.org perpetual, non-exclusive license}
}
